@book{blitz19,
    title = {Introduction to Probability [Introduccién a la probabilidad]},
    series = {Texts in Statistical Science [Textos en ciencia estadistica]},
    author = {Blitzstein, Joseph K. and Hwang, Jessica},
    publisher = {Chapman and Hall/cRC},
    year = {2019},
    edition = {2},
    location = {Florida},
    isbn = {9781138369917},
    keywords = {probabilidad}
}

@book{date12,
    title={SQL and Relational Theory: How to Write Accurate SQL Code [SQL y teoria relacional: Cómo escribir código SQL correcto]},
    author={Date, C. J.},
    publisher={0'Reilly Media},
    edition={2},
    year={2012},
    location={California},
    isbn={9781449316402},
    keywords = {relacional}
}

@book{wack09,
    title={Estadística matemática con aplicaciones},
    author={Wackerly, Dennis D and Mendenhall III, william and Scheaffer, Richard L},
    translator={Romo Mufioz, Jorge Humberto},
    publisher={Cenage Learning},
    edition={7},
    year={2009},
    location={Ciudad de México},
    isbn={9780495110811},
    keywords = {estadistica}
}

@book{eise19,
    title={Introduction to natural language processing [Introducción al procesamiento de lenguaje natural]},
    series={Adaptive computation and machine learning [Computación adaptativa y aprendizaje maquinal]},
    author={Eisenstein, Jacob},
    publisher={MIT Press},
    year={2019},
    location={Cambridge},
    isbn={9780262042840},
    keywords = {NLP}
}

@book{thisdude
}
